@article{man328p,
 author = {Atmel},
 title = {AVR Instruction Set Manual},
 year = {2016},

} 
